<record><leader>00000cas a2200000 a 4500</leader><controlfield tag="001">45624787</controlfield><controlfield tag="008">001227d19111917ctudn ne      0    0eng c</controlfield><datafield ind1=" " ind2=" " tag="010"><subfield code="a">sn 00061025 </subfield></datafield><datafield ind1=" " ind2=" " tag="040"><subfield code="a">CNW</subfield><subfield code="b">eng</subfield><subfield code="c">CNW</subfield><subfield code="d">CUI</subfield><subfield code="d">OCLCQ</subfield><subfield code="d">OCLCF</subfield></datafield><datafield ind1="1" ind2=" " tag="029"><subfield code="a">AU@</subfield><subfield code="b">000022171244</subfield></datafield><datafield ind1=" " ind2=" " tag="042"><subfield code="a">pcc</subfield></datafield><datafield ind1=" " ind2=" " tag="043"><subfield code="a">n-us-ct</subfield></datafield><datafield ind1=" " ind2="4" tag="050"><subfield code="a">AN</subfield></datafield><datafield ind1="0" ind2=" " tag="130"><subfield code="a">Hartford post (Hartford, Conn. : 1911)</subfield></datafield><datafield ind1="1" ind2="0" tag="245"><subfield code="a">Hartford post.</subfield></datafield><datafield ind1="1" ind2=" " tag="246"><subfield code="i">Sunday issue for Sept. 10, 1911 has title:</subfield><subfield code="a">Sunday post</subfield></datafield><datafield ind1="1" ind2=" " tag="246"><subfield code="i">Sunday issues for Sept. 10, 1911-1917 have title:</subfield><subfield code="a">Hartford Sunday post</subfield></datafield><datafield ind1=" " ind2=" " tag="260"><subfield code="a">Hartford, Conn. :</subfield><subfield code="b">Hartford Evening Post</subfield></datafield><datafield ind1=" " ind2=" " tag="300"><subfield code="a">v.</subfield></datafield><datafield ind1=" " ind2=" " tag="310"><subfield code="a">Daily (except Sun.),</subfield><subfield code="b">Sept. 21, 1914-1917</subfield></datafield><datafield ind1=" " ind2=" " tag="321"><subfield code="a">Daily,</subfield><subfield code="b">1911-Sept. 20, 1914</subfield></datafield><datafield ind1="0" ind2=" " tag="362"><subfield code="a">Vol. 56, no. 206 (Sept. 7, 1911)-v. 62, no. 148 (Mar. 31, 1917).</subfield></datafield><datafield ind1=" " ind2=" " tag="530"><subfield code="a">Also issued on microfilm from Connecticut State Library, Hartford, CT.</subfield></datafield><datafield ind1=" " ind2=" " tag="580"><subfield code="a">Hartford Sunday post absorbed by: Globe (Hartford, Conn.), Sept. 20, 1914.</subfield></datafield><datafield ind1=" " ind2="0" tag="651"><subfield code="a">Hartford (Conn.)</subfield><subfield code="v">Newspapers.</subfield></datafield><datafield ind1=" " ind2="0" tag="651"><subfield code="a">Hartford County (Conn.)</subfield><subfield code="v">Newspapers.</subfield></datafield><datafield ind1=" " ind2="7" tag="655"><subfield code="a">Newspapers.</subfield><subfield code="2">fast</subfield><subfield code="0">(OCoLC)fst01423814</subfield></datafield><datafield ind1=" " ind2="7" tag="651"><subfield code="a">Connecticut</subfield><subfield code="z">Hartford.</subfield><subfield code="2">fast</subfield><subfield code="0">(OCoLC)fst01207441</subfield></datafield><datafield ind1=" " ind2="7" tag="651"><subfield code="a">Connecticut</subfield><subfield code="z">Hartford County.</subfield><subfield code="2">fast</subfield><subfield code="0">(OCoLC)fst01211874</subfield></datafield><datafield ind1=" " ind2=" " tag="752"><subfield code="a">United States</subfield><subfield code="b">Connecticut</subfield><subfield code="c">Hartford</subfield><subfield code="d">Hartford.</subfield></datafield><datafield ind1="0" ind2="0" tag="780"><subfield code="t">Hartford evening post (Hartford, Conn. : 1907)</subfield><subfield code="w">(DLC)sn 92051237</subfield><subfield code="w">(OCoLC)25717612</subfield></datafield><datafield ind1="1" ind2="5" tag="785"><subfield code="t">Globe (Hartford, Conn.)</subfield><subfield code="g">Sept. 1914</subfield><subfield code="w">(DLC)sn 92051273</subfield><subfield code="w">(OCoLC)26037345</subfield></datafield><datafield ind1="0" ind2="0" tag="785"><subfield code="t">Hartford evening post (Hartford, Conn. : 1917)</subfield><subfield code="w">(DLC)sn 00061040</subfield><subfield code="w">(OCoLC)45624845</subfield></datafield></record>